[
  {
    "store_name": "Meny",
    "scraped_date": "2025-11-02",
    "deals": [
      {
        "original_name": "Culotte af dansk kalv",
        "normalized_name": "Culotte af dansk kalv",
        "category": "Meat & Poultry",
        "price": 79.95,
        "quantity": null,
        "price_per_unit": null,
        "unit_type": null,
        "is_app_price": false,
        "valid_from": "2025-11-02",
        "valid_to": "2025-11-06",
        "scraped_at": "2025-11-02T15:02:26.105992"
      },
      {
        "original_name": "1 kg julemedister af dansk gris, 1 kg hakket dansk grisekød 8-12% eller 1,6 kg Rose Holger dansk kylling",
        "normalized_name": "julemedister af dansk gris, hakket dansk grisekød 8-12% eller 1, Rose Holger dansk kylling",
        "category": "Meat & Poultry",
        "price": 59.95,
        "quantity": "1 kg",
        "price_per_unit": 59.95,
        "unit_type": "kg",
        "is_app_price": false,
        "valid_from": "2025-11-02",
        "valid_to": "2025-11-06",
        "scraped_at": "2025-11-02T15:02:26.106005"
      },
      {
        "original_name": "Gestus dansk kyllingebrystfilet eller kyllingeinderfilet",
        "normalized_name": "Gestus dansk kyllingebrystfilet eller kyllingeinderfilet",
        "category": "Meat & Poultry",
        "price": 169.95,
        "quantity": null,
        "price_per_unit": null,
        "unit_type": null,
        "is_app_price": false,
        "valid_from": "2025-11-02",
        "valid_to": "2025-11-06",
        "scraped_at": "2025-11-02T15:02:26.106013"
      },
      {
        "original_name": "Flæsk i skiver eller koteletter af dansk gris",
        "normalized_name": "Flæsk i skiver eller koteletter af dansk gris",
        "category": "Meat & Poultry",
        "price": 54.95,
        "quantity": null,
        "price_per_unit": null,
        "unit_type": null,
        "is_app_price": false,
        "valid_from": "2025-11-02",
        "valid_to": "2025-11-06",
        "scraped_at": "2025-11-02T15:02:26.106019"
      },
      {
        "original_name": "Ribbenssteg af dansk gris",
        "normalized_name": "Ribbenssteg af dansk gris",
        "category": "Meat & Poultry",
        "price": 34.95,
        "quantity": null,
        "price_per_unit": null,
        "unit_type": null,
        "is_app_price": false,
        "valid_from": "2025-11-02",
        "valid_to": "2025-11-06",
        "scraped_at": "2025-11-02T15:02:26.106023"
      },
      {
        "original_name": "Stegeben af dansk gris",
        "normalized_name": "Stegeben af dansk gris",
        "category": "Meat & Poultry",
        "price": 19.95,
        "quantity": null,
        "price_per_unit": null,
        "unit_type": null,
        "is_app_price": false,
        "valid_from": "2025-11-02",
        "valid_to": "2025-11-06",
        "scraped_at": "2025-11-02T15:02:26.106027"
      },
      {
        "original_name": "Tykstegsmedaljoner af dansk kalv",
        "normalized_name": "Tykstegsmedaljoner af dansk kalv",
        "category": "Meat & Poultry",
        "price": 64.95,
        "quantity": null,
        "price_per_unit": null,
        "unit_type": null,
        "is_app_price": false,
        "valid_from": "2025-11-02",
        "valid_to": "2025-11-06",
        "scraped_at": "2025-11-02T15:02:26.106032"
      },
      {
        "original_name": "Mørbrad af dansk kalv",
        "normalized_name": "Mørbrad af dansk kalv",
        "category": "Meat & Poultry",
        "price": 189.95,
        "quantity": null,
        "price_per_unit": null,
        "unit_type": null,
        "is_app_price": false,
        "valid_from": "2025-11-02",
        "valid_to": "2025-11-06",
        "scraped_at": "2025-11-02T15:02:26.106036"
      },
      {
        "original_name": "Fritgående berberiand",
        "normalized_name": "Fritgående berberiand",
        "category": "Meat & Poultry",
        "price": 199.95,
        "quantity": null,
        "price_per_unit": null,
        "unit_type": null,
        "is_app_price": false,
        "valid_from": "2025-11-02",
        "valid_to": "2025-11-06",
        "scraped_at": "2025-11-02T15:02:26.106039"
      },
      {
        "original_name": "Canard Martín berberi andelår",
        "normalized_name": "Canard Martín berberi andelår",
        "category": "Meat & Poultry",
        "price": 24.95,
        "quantity": null,
        "price_per_unit": null,
        "unit_type": null,
        "is_app_price": false,
        "valid_from": "2025-11-02",
        "valid_to": "2025-11-06",
        "scraped_at": "2025-11-02T15:02:26.106044"
      },
      {
        "original_name": "Canard Martín berberi andebryst",
        "normalized_name": "Canard Martín berberi andebryst",
        "category": "Meat & Poultry",
        "price": 49.95,
        "quantity": null,
        "price_per_unit": null,
        "unit_type": null,
        "is_app_price": false,
        "valid_from": "2025-11-02",
        "valid_to": "2025-11-06",
        "scraped_at": "2025-11-02T15:02:26.106049"
      },
      {
        "original_name": "Julius andebryststeg",
        "normalized_name": "Julius andebryststeg",
        "category": "Meat & Poultry",
        "price": 59.95,
        "quantity": null,
        "price_per_unit": null,
        "unit_type": null,
        "is_app_price": false,
        "valid_from": "2025-11-02",
        "valid_to": "2025-11-06",
        "scraped_at": "2025-11-02T15:02:26.106052"
      },
      {
        "original_name": "Freygaard entrecote",
        "normalized_name": "Freygaard entrecote",
        "category": "Meat & Poultry",
        "price": 179.95,
        "quantity": null,
        "price_per_unit": null,
        "unit_type": null,
        "is_app_price": false,
        "valid_from": "2025-11-02",
        "valid_to": "2025-11-06",
        "scraped_at": "2025-11-02T15:02:26.106056"
      },
      {
        "original_name": "Freygaard T-bone",
        "normalized_name": "Freygaard T-bone",
        "category": "Meat & Poultry",
        "price": 149.95,
        "quantity": null,
        "price_per_unit": null,
        "unit_type": null,
        "is_app_price": false,
        "valid_from": "2025-11-02",
        "valid_to": "2025-11-06",
        "scraped_at": "2025-11-02T15:02:26.106061"
      },
      {
        "original_name": "Freygaard steaks af okseinderlår",
        "normalized_name": "Freygaard steaks af okseinderlår",
        "category": "Meat & Poultry",
        "price": 54.95,
        "quantity": null,
        "price_per_unit": null,
        "unit_type": null,
        "is_app_price": false,
        "valid_from": "2025-11-02",
        "valid_to": "2025-11-06",
        "scraped_at": "2025-11-02T15:02:26.106065"
      },
      {
        "original_name": "Freygaard gullasch af okseinderlår",
        "normalized_name": "Freygaard gullasch af okseinderlår",
        "category": "Meat & Poultry",
        "price": 89.95,
        "quantity": null,
        "price_per_unit": null,
        "unit_type": null,
        "is_app_price": false,
        "valid_from": "2025-11-02",
        "valid_to": "2025-11-06",
        "scraped_at": "2025-11-02T15:02:26.106070"
      },
      {
        "original_name": "Skaftkoteletter af dansk frilandsgris",
        "normalized_name": "Skaftkoteletter af dansk frilandsgris",
        "category": "Meat & Poultry",
        "price": 39.95,
        "quantity": null,
        "price_per_unit": null,
        "unit_type": null,
        "is_app_price": false,
        "valid_from": "2025-11-02",
        "valid_to": "2025-11-06",
        "scraped_at": "2025-11-02T15:02:26.106075"
      },
      {
        "original_name": "OMHU culotte af frilandslammekød",
        "normalized_name": "OMHU culotte af frilandslammekød",
        "category": "Meat & Poultry",
        "price": 74.95,
        "quantity": null,
        "price_per_unit": null,
        "unit_type": null,
        "is_app_price": false,
        "valid_from": "2025-11-02",
        "valid_to": "2025-11-06",
        "scraped_at": "2025-11-02T15:02:26.106079"
      },
      {
        "original_name": "Oksegrydesteg uden ben af bov eller tykkam",
        "normalized_name": "Oksegrydesteg uden ben af bov eller tykkam",
        "category": "Meat & Poultry",
        "price": 74.95,
        "quantity": null,
        "price_per_unit": null,
        "unit_type": null,
        "is_app_price": false,
        "valid_from": "2025-11-02",
        "valid_to": "2025-11-06",
        "scraped_at": "2025-11-02T15:02:26.106084"
      },
      {
        "original_name": "Sydeuropæisk charcuteri",
        "normalized_name": "Sydeuropæisk charcuteri",
        "category": "Deli & Cold Cuts",
        "price": 25.0,
        "quantity": null,
        "price_per_unit": null,
        "unit_type": null,
        "is_app_price": false,
        "valid_from": "2025-11-02",
        "valid_to": "2025-11-06",
        "scraped_at": "2025-11-02T15:02:26.106089"
      },
      {
        "original_name": "Antipasti",
        "normalized_name": "Antipasti",
        "category": "Deli & Cold Cuts",
        "price": 39.95,
        "quantity": null,
        "price_per_unit": null,
        "unit_type": null,
        "is_app_price": false,
        "valid_from": "2025-11-02",
        "valid_to": "2025-11-06",
        "scraped_at": "2025-11-02T15:02:26.106092"
      },
      {
        "original_name": "Laksefilet med skind",
        "normalized_name": "Laksefilet med skind",
        "category": "Seafood",
        "price": 99.95,
        "quantity": null,
        "price_per_unit": null,
        "unit_type": null,
        "is_app_price": false,
        "valid_from": "2025-11-02",
        "valid_to": "2025-11-06",
        "scraped_at": "2025-11-02T15:02:26.106096"
      },
      {
        "original_name": "Gestus pizzabunde",
        "normalized_name": "Gestus pizzabunde",
        "category": "Bread & Bakery",
        "price": 25.0,
        "quantity": null,
        "price_per_unit": null,
        "unit_type": null,
        "is_app_price": false,
        "valid_from": "2025-11-02",
        "valid_to": "2025-11-06",
        "scraped_at": "2025-11-02T15:02:26.106100"
      },
      {
        "original_name": "Buko økologisk flødeost eller Karolines Køkken økologisk hytteost eller mozzarella",
        "normalized_name": "Buko økologisk flødeost eller Karolines Køkken økologisk hytteost eller mozzarella",
        "category": "Dairy & Eggs",
        "price": 12.0,
        "quantity": null,
        "price_per_unit": null,
        "unit_type": null,
        "is_app_price": false,
        "valid_from": "2025-11-02",
        "valid_to": "2025-11-06",
        "scraped_at": "2025-11-02T15:02:26.106108"
      },
      {
        "original_name": "Yoggi yoghurt",
        "normalized_name": "Yoggi yoghurt",
        "category": "Dairy & Eggs",
        "price": 9.95,
        "quantity": null,
        "price_per_unit": null,
        "unit_type": null,
        "is_app_price": false,
        "valid_from": "2025-11-02",
        "valid_to": "2025-11-06",
        "scraped_at": "2025-11-02T15:02:26.106111"
      },
      {
        "original_name": "Them skæreost",
        "normalized_name": "Them skæreost",
        "category": "Dairy & Eggs",
        "price": 45.0,
        "quantity": null,
        "price_per_unit": null,
        "unit_type": null,
        "is_app_price": false,
        "valid_from": "2025-11-02",
        "valid_to": "2025-11-06",
        "scraped_at": "2025-11-02T15:02:26.106115"
      },
      {
        "original_name": "Grøn Balance Øllingegaard økologisk yoghurt med top",
        "normalized_name": "Grøn Balance Øllingegaard økologisk yoghurt med top",
        "category": "Dairy & Eggs",
        "price": 8.95,
        "quantity": null,
        "price_per_unit": null,
        "unit_type": null,
        "is_app_price": false,
        "valid_from": "2025-11-02",
        "valid_to": "2025-11-06",
        "scraped_at": "2025-11-02T15:02:26.106121"
      },
      {
        "original_name": "Øllingegaard økologisk vinter koldskål",
        "normalized_name": "Øllingegaard økologisk vinter koldskål",
        "category": "Dairy & Eggs",
        "price": 24.0,
        "quantity": null,
        "price_per_unit": null,
        "unit_type": null,
        "is_app_price": false,
        "valid_from": "2025-11-02",
        "valid_to": "2025-11-06",
        "scraped_at": "2025-11-02T15:02:26.106127"
      },
      {
        "original_name": "Arla Unika Umage Lille Knas ost",
        "normalized_name": "Arla Unika Umage Lille Knas ost",
        "category": "Dairy & Eggs",
        "price": 49.95,
        "quantity": null,
        "price_per_unit": null,
        "unit_type": null,
        "is_app_price": false,
        "valid_from": "2025-11-02",
        "valid_to": "2025-11-06",
        "scraped_at": "2025-11-02T15:02:26.106131"
      },
      {
        "original_name": "OMHU klementiner",
        "normalized_name": "OMHU klementiner",
        "category": "Fruits & Vegetables",
        "price": 25.0,
        "quantity": null,
        "price_per_unit": null,
        "unit_type": null,
        "is_app_price": false,
        "valid_from": "2025-11-02",
        "valid_to": "2025-11-06",
        "scraped_at": "2025-11-02T15:02:26.106135"
      },
      {
        "original_name": "Beauvais herregårdsrødkål",
        "normalized_name": "Beauvais herregårdsrødkål",
        "category": "Fruits & Vegetables",
        "price": 15.0,
        "quantity": null,
        "price_per_unit": null,
        "unit_type": null,
        "is_app_price": true,
        "valid_from": "2025-11-02",
        "valid_to": "2025-11-06",
        "scraped_at": "2025-11-02T15:02:26.106140"
      },
      {
        "original_name": "Grøn Balance økologiske grøntsager",
        "normalized_name": "Grøn Balance økologiske grøntsager",
        "category": "Fruits & Vegetables",
        "price": 13.0,
        "quantity": null,
        "price_per_unit": null,
        "unit_type": null,
        "is_app_price": true,
        "valid_from": "2025-11-02",
        "valid_to": "2025-11-06",
        "scraped_at": "2025-11-02T15:02:26.106144"
      },
      {
        "original_name": "Meyers hummus eller basilikumpesto",
        "normalized_name": "Meyers hummus eller basilikumpesto",
        "category": "Pasta & International",
        "price": 39.95,
        "quantity": null,
        "price_per_unit": null,
        "unit_type": null,
        "is_app_price": false,
        "valid_from": "2025-11-02",
        "valid_to": "2025-11-06",
        "scraped_at": "2025-11-02T15:02:26.106149"
      },
      {
        "original_name": "Toms Pingvin stænger, Spunk eller Kæmpe Skildpadde",
        "normalized_name": "Toms Pingvin stænger, Spunk eller Kæmpe Skildpadde",
        "category": "Sweets & Snacks",
        "price": 5.0,
        "quantity": null,
        "price_per_unit": null,
        "unit_type": null,
        "is_app_price": false,
        "valid_from": "2025-11-02",
        "valid_to": "2025-11-06",
        "scraped_at": "2025-11-02T15:02:26.106156"
      },
      {
        "original_name": "Ben & Jerry's",
        "normalized_name": "Ben & Jerry's",
        "category": "Sweets & Snacks",
        "price": 42.0,
        "quantity": null,
        "price_per_unit": null,
        "unit_type": null,
        "is_app_price": false,
        "valid_from": "2025-11-02",
        "valid_to": "2025-11-06",
        "scraped_at": "2025-11-02T15:02:26.106159"
      },
      {
        "original_name": "Ferrero Collection",
        "normalized_name": "Ferrero Collection",
        "category": "Sweets & Snacks",
        "price": 110.0,
        "quantity": null,
        "price_per_unit": null,
        "unit_type": null,
        "is_app_price": true,
        "valid_from": "2025-11-02",
        "valid_to": "2025-11-06",
        "scraped_at": "2025-11-02T15:02:26.106163"
      },
      {
        "original_name": "Coca-Cola, Coca-Cola Zero, Tuborg Squash, Fanta eller Schweppes",
        "normalized_name": "Coca-Cola, Coca-Cola Zero, Tuborg Squash, Fanta eller Schweppes",
        "category": "Beverages",
        "price": 9.95,
        "quantity": null,
        "price_per_unit": null,
        "unit_type": null,
        "is_app_price": false,
        "valid_from": "2025-11-02",
        "valid_to": "2025-11-06",
        "scraped_at": "2025-11-02T15:02:26.106170"
      },
      {
        "original_name": "Royal Classic eller Pilsner, Faxe Kondi eller Pepsi Max",
        "normalized_name": "Royal Classic eller Pilsner, Faxe Kondi eller Pepsi Max",
        "category": "Beverages",
        "price": 72.0,
        "quantity": null,
        "price_per_unit": null,
        "unit_type": null,
        "is_app_price": false,
        "valid_from": "2025-11-02",
        "valid_to": "2025-11-06",
        "scraped_at": "2025-11-02T15:02:26.106175"
      },
      {
        "original_name": "Ribena",
        "normalized_name": "Ribena",
        "category": "Beverages",
        "price": 28.0,
        "quantity": null,
        "price_per_unit": null,
        "unit_type": null,
        "is_app_price": true,
        "valid_from": "2025-11-02",
        "valid_to": "2025-11-06",
        "scraped_at": "2025-11-02T15:02:26.106178"
      },
      {
        "original_name": "Fanø Bryghus Harvester's Reserve Barrel Aged Barley Wine fadlagret årgang 2025",
        "normalized_name": "Fanø Bryghus Harvester's Reserve Barrel Aged Barley Wine fadlagret årgang 2025",
        "category": "Beverages",
        "price": 99.95,
        "quantity": null,
        "price_per_unit": null,
        "unit_type": null,
        "is_app_price": false,
        "valid_from": "2025-11-02",
        "valid_to": "2025-11-06",
        "scraped_at": "2025-11-02T15:02:26.106190"
      },
      {
        "original_name": "Thor Negroamaro Zinfandel",
        "normalized_name": "Thor Negroamaro Zinfandel",
        "category": "Beverages",
        "price": 59.95,
        "quantity": null,
        "price_per_unit": null,
        "unit_type": null,
        "is_app_price": false,
        "valid_from": "2025-11-02",
        "valid_to": "2025-11-06",
        "scraped_at": "2025-11-02T15:02:26.106194"
      },
      {
        "original_name": "Monkey 47 Schwarzwald Dry Gin, Diplomático Reserva Exclusiva rom eller Glenfiddich Single Malt Scotch Whisky",
        "normalized_name": "Monkey 47 Schwarzwald Dry Gin, Diplomático Reserva Exclusiva rom eller Glenfiddich Single Malt Scotch Whisky",
        "category": "Beverages",
        "price": 279.95,
        "quantity": null,
        "price_per_unit": null,
        "unit_type": null,
        "is_app_price": false,
        "valid_from": "2025-11-02",
        "valid_to": "2025-11-06",
        "scraped_at": "2025-11-02T15:02:26.106206"
      },
      {
        "original_name": "Carte d'Or, Frisko is i bæger eller Magnum bonbon",
        "normalized_name": "Carte d'Or, Frisko is i bæger eller Magnum bonbon",
        "category": "Frozen Foods",
        "price": 38.0,
        "quantity": null,
        "price_per_unit": null,
        "unit_type": null,
        "is_app_price": true,
        "valid_from": "2025-11-02",
        "valid_to": "2025-11-06",
        "scraped_at": "2025-11-02T15:02:26.106212"
      },
      {
        "original_name": "Banana is",
        "normalized_name": "Banana is",
        "category": "Frozen Foods",
        "price": 49.95,
        "quantity": null,
        "price_per_unit": null,
        "unit_type": null,
        "is_app_price": false,
        "valid_from": "2025-11-02",
        "valid_to": "2025-11-06",
        "scraped_at": "2025-11-02T15:02:26.106215"
      },
      {
        "original_name": "Grøn Balance toiletpapir eller køkkenruller",
        "normalized_name": "Grøn Balance toiletpapir eller køkkenruller",
        "category": "Special Offers",
        "price": 22.0,
        "quantity": null,
        "price_per_unit": null,
        "unit_type": null,
        "is_app_price": false,
        "valid_from": "2025-11-02",
        "valid_to": "2025-11-06",
        "scraped_at": "2025-11-02T15:02:26.106221"
      },
      {
        "original_name": "Simply The Best Time of the Year julekalender",
        "normalized_name": "Simply The Best Time of the Year julekalender",
        "category": "Special Offers",
        "price": 350.0,
        "quantity": null,
        "price_per_unit": null,
        "unit_type": null,
        "is_app_price": false,
        "valid_from": "2025-11-02",
        "valid_to": "2025-11-06",
        "scraped_at": "2025-11-02T15:02:26.106226"
      }
    ]
  },
  {
    "store_name": "Rema",
    "scraped_date": "2025-11-02",
    "deals": [
      {
        "original_name": "Andebryststeg Dybfrost 600 g",
        "normalized_name": "Andebryststeg Dybfrost",
        "category": "Meat & Poultry",
        "price": 39.0,
        "quantity": "600 g",
        "price_per_unit": 65.0,
        "unit_type": "kg",
        "is_app_price": false,
        "valid_from": "2025-11-02",
        "valid_to": "2025-11-08",
        "scraped_at": "2025-11-02T15:02:26.106477"
      },
      {
        "original_name": "Andebryst Dybfrost 160-200 g",
        "normalized_name": "Andebryst Dybfrost 160-",
        "category": "Meat & Poultry",
        "price": 15.0,
        "quantity": "200 g",
        "price_per_unit": 75.0,
        "unit_type": "kg",
        "is_app_price": false,
        "valid_from": "2025-11-02",
        "valid_to": "2025-11-08",
        "scraped_at": "2025-11-02T15:02:26.106484"
      },
      {
        "original_name": "Andelår Dybfrost 180-220 g",
        "normalized_name": "Andelår Dybfrost 180-",
        "category": "Meat & Poultry",
        "price": 12.0,
        "quantity": "220 g",
        "price_per_unit": 54.54545454545455,
        "unit_type": "kg",
        "is_app_price": false,
        "valid_from": "2025-11-02",
        "valid_to": "2025-11-08",
        "scraped_at": "2025-11-02T15:02:26.106489"
      },
      {
        "original_name": "Hel and Dybfrost",
        "normalized_name": "Hel and Dybfrost",
        "category": "Meat & Poultry",
        "price": 110.0,
        "quantity": null,
        "price_per_unit": null,
        "unit_type": null,
        "is_app_price": false,
        "valid_from": "2025-11-02",
        "valid_to": "2025-11-08",
        "scraped_at": "2025-11-02T15:02:26.106493"
      },
      {
        "original_name": "Hel and Dybfrost",
        "normalized_name": "Hel and Dybfrost",
        "category": "Meat & Poultry",
        "price": 59.0,
        "quantity": null,
        "price_per_unit": null,
        "unit_type": null,
        "is_app_price": false,
        "valid_from": "2025-11-02",
        "valid_to": "2025-11-08",
        "scraped_at": "2025-11-02T15:02:26.106496"
      },
      {
        "original_name": "Fritgående and Dybfrost",
        "normalized_name": "Fritgående and Dybfrost",
        "category": "Meat & Poultry",
        "price": 149.0,
        "quantity": null,
        "price_per_unit": null,
        "unit_type": null,
        "is_app_price": false,
        "valid_from": "2025-11-02",
        "valid_to": "2025-11-08",
        "scraped_at": "2025-11-02T15:02:26.106501"
      },
      {
        "original_name": "Stort andelår fra fritgående and Dybfrost 200-250 g",
        "normalized_name": "Stort andelår fra fritgående and Dybfrost 200-",
        "category": "Meat & Poultry",
        "price": 25.0,
        "quantity": "250 g",
        "price_per_unit": 100.0,
        "unit_type": "kg",
        "is_app_price": false,
        "valid_from": "2025-11-02",
        "valid_to": "2025-11-08",
        "scraped_at": "2025-11-02T15:02:26.106507"
      },
      {
        "original_name": "Andebryststeg fra fritgående and Dybfrost 700 g",
        "normalized_name": "Andebryststeg fra fritgående and Dybfrost",
        "category": "Meat & Poultry",
        "price": 69.0,
        "quantity": "700 g",
        "price_per_unit": 98.57142857142857,
        "unit_type": "kg",
        "is_app_price": false,
        "valid_from": "2025-11-02",
        "valid_to": "2025-11-08",
        "scraped_at": "2025-11-02T15:02:26.106513"
      },
      {
        "original_name": "Friland økologisk dansk hakket grisekød 8-12%, grise- og oksekød 8-12%, koteletter eller julemedister 300-350 g",
        "normalized_name": "Friland økologisk dansk hakket grisekød 8-12%, grise- og oksekød 8-12%, koteletter eller julemedister 300-",
        "category": "Meat & Poultry",
        "price": 39.0,
        "quantity": "350 g",
        "price_per_unit": 111.42857142857143,
        "unit_type": "kg",
        "is_app_price": false,
        "valid_from": "2025-11-02",
        "valid_to": "2025-11-08",
        "scraped_at": "2025-11-02T15:02:26.106522"
      },
      {
        "original_name": "Frilandsgris XL spareribs 1000 g",
        "normalized_name": "Frilandsgris XL spareribs",
        "category": "Meat & Poultry",
        "price": 89.0,
        "quantity": "1000 g",
        "price_per_unit": 89.0,
        "unit_type": "kg",
        "is_app_price": false,
        "valid_from": "2025-11-02",
        "valid_to": "2025-11-08",
        "scraped_at": "2025-11-02T15:02:26.106526"
      },
      {
        "original_name": "Frilandsgris mørbrad 500-700 g eller grisekæber 400-450 g",
        "normalized_name": "Frilandsgris mørbrad 500- eller grisekæber 400-",
        "category": "Meat & Poultry",
        "price": 59.0,
        "quantity": "700 g",
        "price_per_unit": 84.28571428571429,
        "unit_type": "kg",
        "is_app_price": false,
        "valid_from": "2025-11-02",
        "valid_to": "2025-11-08",
        "scraped_at": "2025-11-02T15:02:26.106532"
      },
      {
        "original_name": "Dansk ovnklar flæskesteg uden ben",
        "normalized_name": "Dansk ovnklar flæskesteg uden ben",
        "category": "Meat & Poultry",
        "price": 19.95,
        "quantity": null,
        "price_per_unit": null,
        "unit_type": null,
        "is_app_price": false,
        "valid_from": "2025-11-02",
        "valid_to": "2025-11-08",
        "scraped_at": "2025-11-02T15:02:26.106537"
      },
      {
        "original_name": "Ekstra svær til flæskestegen 400 g",
        "normalized_name": "Ekstra svær til flæskestegen",
        "category": "Meat & Poultry",
        "price": 25.0,
        "quantity": "400 g",
        "price_per_unit": 62.5,
        "unit_type": "kg",
        "is_app_price": false,
        "valid_from": "2025-11-02",
        "valid_to": "2025-11-08",
        "scraped_at": "2025-11-02T15:02:26.106541"
      },
      {
        "original_name": "Danske tykstegsbøffer, kalve osso buco eller kalvesteaks med nordisk inspireret marinade",
        "normalized_name": "Danske tykstegsbøffer, kalve osso buco eller kalvesteaks med nordisk inspireret marinade",
        "category": "Meat & Poultry",
        "price": 69.0,
        "quantity": null,
        "price_per_unit": null,
        "unit_type": null,
        "is_app_price": false,
        "valid_from": "2025-11-02",
        "valid_to": "2025-11-08",
        "scraped_at": "2025-11-02T15:02:26.106549"
      },
      {
        "original_name": "Steff Houlberg bacon i skiver eller brunchpølser 300-350 g",
        "normalized_name": "Steff Houlberg bacon i skiver eller brunchpølser 300-",
        "category": "Deli & Cold Cuts",
        "price": 22.0,
        "quantity": "350 g",
        "price_per_unit": 62.85714285714286,
        "unit_type": "kg",
        "is_app_price": false,
        "valid_from": "2025-11-02",
        "valid_to": "2025-11-08",
        "scraped_at": "2025-11-02T15:02:26.106555"
      },
      {
        "original_name": "Langelænder grillpølser, wienerpølser eller hotdogpølser 330-350 g",
        "normalized_name": "Langelænder grillpølser, wienerpølser eller hotdogpølser 330-",
        "category": "Deli & Cold Cuts",
        "price": 20.0,
        "quantity": "350 g",
        "price_per_unit": 57.142857142857146,
        "unit_type": "kg",
        "is_app_price": false,
        "valid_from": "2025-11-02",
        "valid_to": "2025-11-08",
        "scraped_at": "2025-11-02T15:02:26.106560"
      },
      {
        "original_name": "Hatting surdejsboller Dybfrost 400 g",
        "normalized_name": "Hatting surdejsboller Dybfrost",
        "category": "Bread & Bakery",
        "price": 20.0,
        "quantity": "400 g",
        "price_per_unit": 50.0,
        "unit_type": "kg",
        "is_app_price": false,
        "valid_from": "2025-11-02",
        "valid_to": "2025-11-08",
        "scraped_at": "2025-11-02T15:02:26.106566"
      },
      {
        "original_name": "Schulstad Levebrød eller Kornkammeret økologisk solsikkerugbrød 470-1080 g",
        "normalized_name": "Schulstad Levebrød eller Kornkammeret økologisk solsikkerugbrød 470-",
        "category": "Bread & Bakery",
        "price": 12.0,
        "quantity": "1080 g",
        "price_per_unit": 11.11111111111111,
        "unit_type": "kg",
        "is_app_price": false,
        "valid_from": "2025-11-02",
        "valid_to": "2025-11-08",
        "scraped_at": "2025-11-02T15:02:26.106572"
      },
      {
        "original_name": "Friskbagte rundstykker fra håndværksbageren",
        "normalized_name": "Friskbagte rundstykker fra håndværksbageren",
        "category": "Bread & Bakery",
        "price": 3.0,
        "quantity": null,
        "price_per_unit": null,
        "unit_type": null,
        "is_app_price": false,
        "valid_from": "2025-11-02",
        "valid_to": "2025-11-08",
        "scraped_at": "2025-11-02T15:02:26.106578"
      },
      {
        "original_name": "Karolines Køkken piskefløde ½ liter",
        "normalized_name": "Karolines Køkken piskefløde ½ liter",
        "category": "Dairy & Eggs",
        "price": 15.0,
        "quantity": null,
        "price_per_unit": null,
        "unit_type": null,
        "is_app_price": false,
        "valid_from": "2025-11-02",
        "valid_to": "2025-11-08",
        "scraped_at": "2025-11-02T15:02:26.106584"
      },
      {
        "original_name": "Cremefine til madlavning eller piskning 7%, 15% eller 19% 250 ml",
        "normalized_name": "Cremefine til madlavning eller piskning 7%, 15% eller 19%",
        "category": "Dairy & Eggs",
        "price": 9.0,
        "quantity": "250 ml",
        "price_per_unit": 36.0,
        "unit_type": "liter",
        "is_app_price": false,
        "valid_from": "2025-11-02",
        "valid_to": "2025-11-08",
        "scraped_at": "2025-11-02T15:02:26.106592"
      },
      {
        "original_name": "Økologisk yoghurt Naturel, pære & banan, jordbær eller vanilje 1 liter",
        "normalized_name": "Økologisk yoghurt Naturel, pære & banan, jordbær eller vanilje iter",
        "category": "Dairy & Eggs",
        "price": 15.0,
        "quantity": "1 l",
        "price_per_unit": 15.0,
        "unit_type": "liter",
        "is_app_price": false,
        "valid_from": "2025-11-02",
        "valid_to": "2025-11-08",
        "scraped_at": "2025-11-02T15:02:26.106597"
      },
      {
        "original_name": "Castello aged Havarti, Gouda, Riberhus skiveost 45+ med eller uden kommen 200-240 g",
        "normalized_name": "Castello aged Havarti, Gouda, Riberhus skiveost 45+ med eller uden kommen 200-",
        "category": "Dairy & Eggs",
        "price": 25.0,
        "quantity": "240 g",
        "price_per_unit": 104.16666666666667,
        "unit_type": "kg",
        "is_app_price": false,
        "valid_from": "2025-11-02",
        "valid_to": "2025-11-08",
        "scraped_at": "2025-11-02T15:02:26.106604"
      },
      {
        "original_name": "Skrabeæg Str. M/L 10 stk.",
        "normalized_name": "Skrabeæg Str. M/L .",
        "category": "Dairy & Eggs",
        "price": 18.0,
        "quantity": "10 stk",
        "price_per_unit": 1.8,
        "unit_type": "piece",
        "is_app_price": false,
        "valid_from": "2025-11-02",
        "valid_to": "2025-11-08",
        "scraped_at": "2025-11-02T15:02:26.106609"
      },
      {
        "original_name": "Kærgården Original eller let 200 g",
        "normalized_name": "Kærgården Original eller let",
        "category": "Dairy & Eggs",
        "price": 15.0,
        "quantity": "200 g",
        "price_per_unit": 75.0,
        "unit_type": "kg",
        "is_app_price": false,
        "valid_from": "2025-11-02",
        "valid_to": "2025-11-08",
        "scraped_at": "2025-11-02T15:02:26.106612"
      },
      {
        "original_name": "Økologiske æbler Kl. I, udenlandske",
        "normalized_name": "Økologiske æbler Kl. I, udenlandske",
        "category": "Fruits & Vegetables",
        "price": 15.0,
        "quantity": null,
        "price_per_unit": null,
        "unit_type": null,
        "is_app_price": false,
        "valid_from": "2025-11-02",
        "valid_to": "2025-11-08",
        "scraped_at": "2025-11-02T15:02:26.106618"
      },
      {
        "original_name": "Danske aspargeskartofler 650 g",
        "normalized_name": "Danske aspargeskartofler",
        "category": "Fruits & Vegetables",
        "price": 10.0,
        "quantity": "650 g",
        "price_per_unit": 15.384615384615385,
        "unit_type": "kg",
        "is_app_price": false,
        "valid_from": "2025-11-02",
        "valid_to": "2025-11-08",
        "scraped_at": "2025-11-02T15:02:26.106621"
      },
      {
        "original_name": "Økologiske gulerødder Danske 1 kg",
        "normalized_name": "Økologiske gulerødder Danske",
        "category": "Fruits & Vegetables",
        "price": 8.0,
        "quantity": "1 kg",
        "price_per_unit": 8.0,
        "unit_type": "kg",
        "is_app_price": false,
        "valid_from": "2025-11-02",
        "valid_to": "2025-11-08",
        "scraped_at": "2025-11-02T15:02:26.106624"
      },
      {
        "original_name": "Danske løg 1 kg",
        "normalized_name": "Danske løg",
        "category": "Fruits & Vegetables",
        "price": 6.0,
        "quantity": "1 kg",
        "price_per_unit": 6.0,
        "unit_type": "kg",
        "is_app_price": false,
        "valid_from": "2025-11-02",
        "valid_to": "2025-11-08",
        "scraped_at": "2025-11-02T15:02:26.106626"
      },
      {
        "original_name": "Klassisk kirsebærsauce eller REMA 1000 rødkål 530-950 g",
        "normalized_name": "Klassisk kirsebærsauce eller REMA 1000 rødkål 530-",
        "category": "Pantry & Condiments",
        "price": 18.0,
        "quantity": "950 g",
        "price_per_unit": 18.94736842105263,
        "unit_type": "kg",
        "is_app_price": false,
        "valid_from": "2025-11-02",
        "valid_to": "2025-11-08",
        "scraped_at": "2025-11-02T15:02:26.106636"
      },
      {
        "original_name": "Fond eller REMA 1000 saucer 300-410 g/ 180 ml",
        "normalized_name": "Fond eller REMA 1000 saucer 300-/",
        "category": "Pantry & Condiments",
        "price": 15.0,
        "quantity": "410 g",
        "price_per_unit": 36.58536585365854,
        "unit_type": "kg",
        "is_app_price": false,
        "valid_from": "2025-11-02",
        "valid_to": "2025-11-08",
        "scraped_at": "2025-11-02T15:02:26.106645"
      },
      {
        "original_name": "REMA 1000 svesker uden sten 200 g",
        "normalized_name": "REMA 1000 svesker uden sten",
        "category": "Pantry & Condiments",
        "price": 10.0,
        "quantity": "200 g",
        "price_per_unit": 50.0,
        "unit_type": "kg",
        "is_app_price": false,
        "valid_from": "2025-11-02",
        "valid_to": "2025-11-08",
        "scraped_at": "2025-11-02T15:02:26.106651"
      },
      {
        "original_name": "REMA 1000 kartofler i glas 425 g/drænet",
        "normalized_name": "REMA 1000 kartofler i glas /drænet",
        "category": "Pantry & Condiments",
        "price": 9.0,
        "quantity": "425 g",
        "price_per_unit": 21.176470588235293,
        "unit_type": "kg",
        "is_app_price": false,
        "valid_from": "2025-11-02",
        "valid_to": "2025-11-08",
        "scraped_at": "2025-11-02T15:02:26.106658"
      },
      {
        "original_name": "Vendelbo kirsebærsauce 500 g",
        "normalized_name": "Vendelbo kirsebærsauce",
        "category": "Pantry & Condiments",
        "price": 12.0,
        "quantity": "500 g",
        "price_per_unit": 24.0,
        "unit_type": "kg",
        "is_app_price": false,
        "valid_from": "2025-11-02",
        "valid_to": "2025-11-08",
        "scraped_at": "2025-11-02T15:02:26.106662"
      },
      {
        "original_name": "Matilde original 1 liter",
        "normalized_name": "Matilde original iter",
        "category": "Pantry & Condiments",
        "price": 10.0,
        "quantity": "1 l",
        "price_per_unit": 10.0,
        "unit_type": "liter",
        "is_app_price": false,
        "valid_from": "2025-11-02",
        "valid_to": "2025-11-08",
        "scraped_at": "2025-11-02T15:02:26.106665"
      },
      {
        "original_name": "Galle & Jessen pålægschokolade eller Nutella 216-350 g",
        "normalized_name": "Galle & Jessen pålægschokolade eller Nutella 216-",
        "category": "Spreads & Butter",
        "price": 35.0,
        "quantity": "350 g",
        "price_per_unit": 100.0,
        "unit_type": "kg",
        "is_app_price": false,
        "valid_from": "2025-11-02",
        "valid_to": "2025-11-08",
        "scraped_at": "2025-11-02T15:02:26.106671"
      },
      {
        "original_name": "Karolines Køkken risalamande 450 g",
        "normalized_name": "Karolines Køkken risalamande",
        "category": "Sweets & Snacks",
        "price": 12.0,
        "quantity": "450 g",
        "price_per_unit": 26.666666666666668,
        "unit_type": "kg",
        "is_app_price": false,
        "valid_from": "2025-11-02",
        "valid_to": "2025-11-08",
        "scraped_at": "2025-11-02T15:02:26.106675"
      },
      {
        "original_name": "Taffel chips eller snacks 110-175 g",
        "normalized_name": "Taffel chips eller snacks 110-",
        "category": "Sweets & Snacks",
        "price": 10.0,
        "quantity": "175 g",
        "price_per_unit": 57.142857142857146,
        "unit_type": "kg",
        "is_app_price": false,
        "valid_from": "2025-11-02",
        "valid_to": "2025-11-08",
        "scraped_at": "2025-11-02T15:02:26.106679"
      },
      {
        "original_name": "Odense marcipan eller Spangsberg overtrækschokolade 225-250 g",
        "normalized_name": "Odense marcipan eller Spangsberg overtrækschokolade 225-",
        "category": "Sweets & Snacks",
        "price": 35.0,
        "quantity": "250 g",
        "price_per_unit": 140.0,
        "unit_type": "kg",
        "is_app_price": false,
        "valid_from": "2025-11-02",
        "valid_to": "2025-11-08",
        "scraped_at": "2025-11-02T15:02:26.106685"
      },
      {
        "original_name": "Nørregade eller Spangsberg juleslik 100-130 g",
        "normalized_name": "Nørregade eller Spangsberg juleslik 100-",
        "category": "Sweets & Snacks",
        "price": 20.0,
        "quantity": "130 g",
        "price_per_unit": 153.84615384615384,
        "unit_type": "kg",
        "is_app_price": false,
        "valid_from": "2025-11-02",
        "valid_to": "2025-11-08",
        "scraped_at": "2025-11-02T15:02:26.106689"
      },
      {
        "original_name": "Nøddemix, valnødder, hasselnødder eller mandler 200-400 g",
        "normalized_name": "Nøddemix, valnødder, hasselnødder eller mandler 200-",
        "category": "Sweets & Snacks",
        "price": 29.0,
        "quantity": "400 g",
        "price_per_unit": 72.5,
        "unit_type": "kg",
        "is_app_price": false,
        "valid_from": "2025-11-02",
        "valid_to": "2025-11-08",
        "scraped_at": "2025-11-02T15:02:26.106695"
      },
      {
        "original_name": "Trope nødder eller snacks 150-425 g",
        "normalized_name": "Trope nødder eller snacks 150-",
        "category": "Sweets & Snacks",
        "price": 20.0,
        "quantity": "425 g",
        "price_per_unit": 47.05882352941177,
        "unit_type": "kg",
        "is_app_price": false,
        "valid_from": "2025-11-02",
        "valid_to": "2025-11-08",
        "scraped_at": "2025-11-02T15:02:26.106699"
      },
      {
        "original_name": "Grå Peter Larsen eller Karat kaffe 400 g",
        "normalized_name": "Grå Peter Larsen eller Karat kaffe",
        "category": "Coffee & Tea",
        "price": 39.0,
        "quantity": "400 g",
        "price_per_unit": 97.5,
        "unit_type": "kg",
        "is_app_price": false,
        "valid_from": "2025-11-02",
        "valid_to": "2025-11-08",
        "scraped_at": "2025-11-02T15:02:26.106703"
      },
      {
        "original_name": "Nescafé gold 210 g",
        "normalized_name": "Nescafé gold",
        "category": "Coffee & Tea",
        "price": 69.0,
        "quantity": "210 g",
        "price_per_unit": 328.57142857142856,
        "unit_type": "kg",
        "is_app_price": false,
        "valid_from": "2025-11-02",
        "valid_to": "2025-11-08",
        "scraped_at": "2025-11-02T15:02:26.106706"
      },
      {
        "original_name": "Pepsi Max eller Faxe Kondi 1.5 liter",
        "normalized_name": "Pepsi Max eller Faxe Kondi 1.iter",
        "category": "Beverages",
        "price": 12.0,
        "quantity": "1.5 l",
        "price_per_unit": 8.0,
        "unit_type": "liter",
        "is_app_price": false,
        "valid_from": "2025-11-02",
        "valid_to": "2025-11-08",
        "scraped_at": "2025-11-02T15:02:26.106711"
      },
      {
        "original_name": "Coca-Cola original, Zero sugar, Fanta orange, Fanta exotic, sukkerfri Tuborg Squash sport eller Tuborg Squash fersken 33 cl",
        "normalized_name": "Coca-Cola original, Zero sugar, Fanta orange, Fanta exotic, sukkerfri Tuborg Squash sport eller Tuborg Squash fersken 33 cl",
        "category": "Beverages",
        "price": 3.0,
        "quantity": null,
        "price_per_unit": null,
        "unit_type": null,
        "is_app_price": false,
        "valid_from": "2025-11-02",
        "valid_to": "2025-11-08",
        "scraped_at": "2025-11-02T15:02:26.106723"
      },
      {
        "original_name": "Tuborg Classic, Grøn Tuborg eller Tuborg Classic 0.0% 33 cl",
        "normalized_name": "Tuborg Classic, Grøn Tuborg eller Tuborg Classic 0.0% 33 cl",
        "category": "Beverages",
        "price": 4.5,
        "quantity": null,
        "price_per_unit": null,
        "unit_type": null,
        "is_app_price": false,
        "valid_from": "2025-11-02",
        "valid_to": "2025-11-08",
        "scraped_at": "2025-11-02T15:02:26.106732"
      },
      {
        "original_name": "Silverboom Sydafrikansk rød- eller hvidvin 75 cl",
        "normalized_name": "Silverboom Sydafrikansk rød- eller hvidvin 75 cl",
        "category": "Beverages",
        "price": 45.0,
        "quantity": null,
        "price_per_unit": null,
        "unit_type": null,
        "is_app_price": false,
        "valid_from": "2025-11-02",
        "valid_to": "2025-11-08",
        "scraped_at": "2025-11-02T15:02:26.106741"
      },
      {
        "original_name": "Vanesa økologisk spansk rød-, hvid- eller rosévin",
        "normalized_name": "Vanesa økologisk spansk rød-, hvid- eller rosévin",
        "category": "Beverages",
        "price": 89.0,
        "quantity": null,
        "price_per_unit": null,
        "unit_type": null,
        "is_app_price": false,
        "valid_from": "2025-11-02",
        "valid_to": "2025-11-08",
        "scraped_at": "2025-11-02T15:02:26.106746"
      },
      {
        "original_name": "Toms Skildpadde eller Skumfidus islagkage Dybfrost",
        "normalized_name": "Toms Skildpadde eller Skumfidus islagkage Dybfrost",
        "category": "Frozen Foods",
        "price": 40.0,
        "quantity": null,
        "price_per_unit": null,
        "unit_type": null,
        "is_app_price": false,
        "valid_from": "2025-11-02",
        "valid_to": "2025-11-08",
        "scraped_at": "2025-11-02T15:02:26.106752"
      },
      {
        "original_name": "Bologna - italiensk is Stracciatella, Caramello, Panna con fragole, Pistacchio, Cioccolato, Ciock menta eller Vaniglia 750 ML",
        "normalized_name": "Bologna - italiensk is Stracciatella, Caramello, Panna con fragole, Pistacchio, Cioccolato, Ciock menta eller Vaniglia",
        "category": "Frozen Foods",
        "price": 29.0,
        "quantity": "750 ml",
        "price_per_unit": 38.666666666666664,
        "unit_type": "liter",
        "is_app_price": false,
        "valid_from": "2025-11-02",
        "valid_to": "2025-11-08",
        "scraped_at": "2025-11-02T15:02:26.106761"
      },
      {
        "original_name": "Sønderjyske Fristelser eller K-salat Flere varianter 140-150 g",
        "normalized_name": "Sønderjyske Fristelser eller K-salat Flere varianter 140-",
        "category": "Special Offers",
        "price": 12.0,
        "quantity": "150 g",
        "price_per_unit": 80.0,
        "unit_type": "kg",
        "is_app_price": false,
        "valid_from": "2025-11-02",
        "valid_to": "2025-11-08",
        "scraped_at": "2025-11-02T15:02:26.106767"
      }
    ]
  },
  {
    "store_name": "Netto",
    "scraped_date": "2025-11-02",
    "deals": [
      {
        "original_name": "Velsmag dansk julemedister eller hakket grisekød 14-18%",
        "normalized_name": "Velsmag dansk julemedister eller hakket grisekød 14-18%",
        "category": "Meat & Poultry",
        "price": 10.0,
        "quantity": null,
        "price_per_unit": null,
        "unit_type": null,
        "is_app_price": false,
        "valid_from": "2025-11-02",
        "valid_to": "2025-11-07",
        "scraped_at": "2025-11-02T15:02:26.107019"
      },
      {
        "original_name": "Velsmag entrecote eller ribeye",
        "normalized_name": "Velsmag entrecote eller ribeye",
        "category": "Meat & Poultry",
        "price": 89.0,
        "quantity": null,
        "price_per_unit": null,
        "unit_type": null,
        "is_app_price": false,
        "valid_from": "2025-11-02",
        "valid_to": "2025-11-07",
        "scraped_at": "2025-11-02T15:02:26.107024"
      },
      {
        "original_name": "Velsmag dansk ribbenssteg",
        "normalized_name": "Velsmag dansk ribbenssteg",
        "category": "Meat & Poultry",
        "price": 24.95,
        "quantity": null,
        "price_per_unit": null,
        "unit_type": null,
        "is_app_price": false,
        "valid_from": "2025-11-02",
        "valid_to": "2025-11-07",
        "scraped_at": "2025-11-02T15:02:26.107029"
      },
      {
        "original_name": "Velsmag danske koteletter, flæsk i skiver eller hakket grise- og kalvekød 4-7%",
        "normalized_name": "Velsmag danske koteletter, flæsk i skiver eller hakket grise- og kalvekød 4-7%",
        "category": "Meat & Poultry",
        "price": 30.0,
        "quantity": null,
        "price_per_unit": null,
        "unit_type": null,
        "is_app_price": false,
        "valid_from": "2025-11-02",
        "valid_to": "2025-11-07",
        "scraped_at": "2025-11-02T15:02:26.107037"
      },
      {
        "original_name": "Velsmag danske kyllingeunderlår eller hakket kyllingekød 3-7%",
        "normalized_name": "Velsmag danske kyllingeunderlår eller hakket kyllingekød 3-7%",
        "category": "Meat & Poultry",
        "price": 35.0,
        "quantity": null,
        "price_per_unit": null,
        "unit_type": null,
        "is_app_price": true,
        "valid_from": "2025-11-02",
        "valid_to": "2025-11-07",
        "scraped_at": "2025-11-02T15:02:26.107045"
      },
      {
        "original_name": "Velsmag dansk mørbrad af gris",
        "normalized_name": "Velsmag dansk mørbrad af gris",
        "category": "Meat & Poultry",
        "price": 129.0,
        "quantity": null,
        "price_per_unit": null,
        "unit_type": null,
        "is_app_price": false,
        "valid_from": "2025-11-02",
        "valid_to": "2025-11-07",
        "scraped_at": "2025-11-02T15:02:26.107049"
      },
      {
        "original_name": "Velsmag kalvefilet",
        "normalized_name": "Velsmag kalvefilet",
        "category": "Meat & Poultry",
        "price": 149.0,
        "quantity": null,
        "price_per_unit": null,
        "unit_type": null,
        "is_app_price": false,
        "valid_from": "2025-11-02",
        "valid_to": "2025-11-07",
        "scraped_at": "2025-11-02T15:02:26.107053"
      },
      {
        "original_name": "Velsmag røget hamburgerryg eller bacon",
        "normalized_name": "Velsmag røget hamburgerryg eller bacon",
        "category": "Meat & Poultry",
        "price": 27.95,
        "quantity": null,
        "price_per_unit": null,
        "unit_type": null,
        "is_app_price": false,
        "valid_from": "2025-11-02",
        "valid_to": "2025-11-07",
        "scraped_at": "2025-11-02T15:02:26.107063"
      },
      {
        "original_name": "Kyllingebrystfilet",
        "normalized_name": "Kyllingebrystfilet",
        "category": "Meat & Poultry",
        "price": 75.0,
        "quantity": null,
        "price_per_unit": null,
        "unit_type": null,
        "is_app_price": false,
        "valid_from": "2025-11-02",
        "valid_to": "2025-11-07",
        "scraped_at": "2025-11-02T15:02:26.107066"
      },
      {
        "original_name": "Dansk hakket kyllingekød 7-10%",
        "normalized_name": "Dansk hakket kyllingekød 7-10%",
        "category": "Meat & Poultry",
        "price": 49.0,
        "quantity": null,
        "price_per_unit": null,
        "unit_type": null,
        "is_app_price": false,
        "valid_from": "2025-11-02",
        "valid_to": "2025-11-07",
        "scraped_at": "2025-11-02T15:02:26.107072"
      },
      {
        "original_name": "Rose dansk hel kylling",
        "normalized_name": "Rose dansk hel kylling",
        "category": "Meat & Poultry",
        "price": 45.0,
        "quantity": null,
        "price_per_unit": null,
        "unit_type": null,
        "is_app_price": false,
        "valid_from": "2025-11-02",
        "valid_to": "2025-11-07",
        "scraped_at": "2025-11-02T15:02:26.107076"
      },
      {
        "original_name": "Velsmag hakket oksekød 8-12%",
        "normalized_name": "Velsmag hakket oksekød 8-12%",
        "category": "Meat & Poultry",
        "price": 79.0,
        "quantity": null,
        "price_per_unit": null,
        "unit_type": null,
        "is_app_price": false,
        "valid_from": "2025-11-02",
        "valid_to": "2025-11-07",
        "scraped_at": "2025-11-02T15:02:26.107081"
      },
      {
        "original_name": "Premieur danske krogmodnede koteletter",
        "normalized_name": "Premieur danske krogmodnede koteletter",
        "category": "Meat & Poultry",
        "price": 50.0,
        "quantity": null,
        "price_per_unit": null,
        "unit_type": null,
        "is_app_price": false,
        "valid_from": "2025-11-02",
        "valid_to": "2025-11-07",
        "scraped_at": "2025-11-02T15:02:26.107086"
      },
      {
        "original_name": "Løgismose Canette frilandsand",
        "normalized_name": "Løgismose Canette frilandsand",
        "category": "Meat & Poultry",
        "price": 199.0,
        "quantity": null,
        "price_per_unit": null,
        "unit_type": null,
        "is_app_price": false,
        "valid_from": "2025-11-02",
        "valid_to": "2025-11-07",
        "scraped_at": "2025-11-02T15:02:26.107090"
      },
      {
        "original_name": "Bistronne andefedt",
        "normalized_name": "Bistronne andefedt",
        "category": "Meat & Poultry",
        "price": 20.0,
        "quantity": null,
        "price_per_unit": null,
        "unit_type": null,
        "is_app_price": false,
        "valid_from": "2025-11-02",
        "valid_to": "2025-11-07",
        "scraped_at": "2025-11-02T15:02:26.107094"
      },
      {
        "original_name": "Bistronne kyllingeburger",
        "normalized_name": "Bistronne kyllingeburger",
        "category": "Meat & Poultry",
        "price": 10.0,
        "quantity": null,
        "price_per_unit": null,
        "unit_type": null,
        "is_app_price": false,
        "valid_from": "2025-11-02",
        "valid_to": "2025-11-07",
        "scraped_at": "2025-11-02T15:02:26.107098"
      },
      {
        "original_name": "Kyllingestrimler",
        "normalized_name": "Kyllingestrimler",
        "category": "Meat & Poultry",
        "price": 50.0,
        "quantity": null,
        "price_per_unit": null,
        "unit_type": null,
        "is_app_price": false,
        "valid_from": "2025-11-02",
        "valid_to": "2025-11-07",
        "scraped_at": "2025-11-02T15:02:26.107101"
      },
      {
        "original_name": "ProteinLab kebab med oksekød",
        "normalized_name": "ProteinLab kebab med oksekød",
        "category": "Meat & Poultry",
        "price": 35.0,
        "quantity": null,
        "price_per_unit": null,
        "unit_type": null,
        "is_app_price": false,
        "valid_from": "2025-11-02",
        "valid_to": "2025-11-07",
        "scraped_at": "2025-11-02T15:02:26.107105"
      },
      {
        "original_name": "Tulip bacon",
        "normalized_name": "Tulip bacon",
        "category": "Meat & Poultry",
        "price": 49.0,
        "quantity": null,
        "price_per_unit": null,
        "unit_type": null,
        "is_app_price": false,
        "valid_from": "2025-11-02",
        "valid_to": "2025-11-07",
        "scraped_at": "2025-11-02T15:02:26.107108"
      },
      {
        "original_name": "Pålækker pålæg eller salami-hapser",
        "normalized_name": "Pålækker pålæg eller salami-hapser",
        "category": "Deli & Cold Cuts",
        "price": 10.0,
        "quantity": null,
        "price_per_unit": null,
        "unit_type": null,
        "is_app_price": false,
        "valid_from": "2025-11-02",
        "valid_to": "2025-11-07",
        "scraped_at": "2025-11-02T15:02:26.107114"
      },
      {
        "original_name": "Hanegal økologisk spegepølse",
        "normalized_name": "Hanegal økologisk spegepølse",
        "category": "Deli & Cold Cuts",
        "price": 18.0,
        "quantity": null,
        "price_per_unit": null,
        "unit_type": null,
        "is_app_price": false,
        "valid_from": "2025-11-02",
        "valid_to": "2025-11-07",
        "scraped_at": "2025-11-02T15:02:26.107119"
      },
      {
        "original_name": "Gøl pølser",
        "normalized_name": "Gøl pølser",
        "category": "Deli & Cold Cuts",
        "price": 30.0,
        "quantity": null,
        "price_per_unit": null,
        "unit_type": null,
        "is_app_price": false,
        "valid_from": "2025-11-02",
        "valid_to": "2025-11-07",
        "scraped_at": "2025-11-02T15:02:26.107123"
      },
      {
        "original_name": "K-Salat pålægssalat",
        "normalized_name": "K-Salat pålægssalat",
        "category": "Deli & Cold Cuts",
        "price": 12.0,
        "quantity": null,
        "price_per_unit": null,
        "unit_type": null,
        "is_app_price": false,
        "valid_from": "2025-11-02",
        "valid_to": "2025-11-07",
        "scraped_at": "2025-11-02T15:02:26.107128"
      },
      {
        "original_name": "Stryhns postej eller røget medister",
        "normalized_name": "Stryhns postej eller røget medister",
        "category": "Deli & Cold Cuts",
        "price": 20.0,
        "quantity": null,
        "price_per_unit": null,
        "unit_type": null,
        "is_app_price": false,
        "valid_from": "2025-11-02",
        "valid_to": "2025-11-07",
        "scraped_at": "2025-11-02T15:02:26.107135"
      },
      {
        "original_name": "Glyngøre tun i olie, tomat eller vand",
        "normalized_name": "Glyngøre tun i olie, tomat eller vand",
        "category": "Seafood",
        "price": 10.0,
        "quantity": null,
        "price_per_unit": null,
        "unit_type": null,
        "is_app_price": false,
        "valid_from": "2025-11-02",
        "valid_to": "2025-11-07",
        "scraped_at": "2025-11-02T15:02:26.107142"
      },
      {
        "original_name": "Velsmag lakse- eller ørredstykke",
        "normalized_name": "Velsmag lakse- eller ørredstykke",
        "category": "Seafood",
        "price": 59.0,
        "quantity": null,
        "price_per_unit": null,
        "unit_type": null,
        "is_app_price": false,
        "valid_from": "2025-11-02",
        "valid_to": "2025-11-07",
        "scraped_at": "2025-11-02T15:02:26.107148"
      },
      {
        "original_name": "Premieur sild",
        "normalized_name": "Premieur sild",
        "category": "Seafood",
        "price": 32.0,
        "quantity": null,
        "price_per_unit": null,
        "unit_type": null,
        "is_app_price": false,
        "valid_from": "2025-11-02",
        "valid_to": "2025-11-07",
        "scraped_at": "2025-11-02T15:02:26.107151"
      },
      {
        "original_name": "Koldrøget laks eller rejer",
        "normalized_name": "Koldrøget laks eller rejer",
        "category": "Seafood",
        "price": 10.0,
        "quantity": null,
        "price_per_unit": null,
        "unit_type": null,
        "is_app_price": false,
        "valid_from": "2025-11-02",
        "valid_to": "2025-11-07",
        "scraped_at": "2025-11-02T15:02:26.107156"
      },
      {
        "original_name": "Bådsmand varm- eller koldrøget laks",
        "normalized_name": "Bådsmand varm- eller koldrøget laks",
        "category": "Seafood",
        "price": 35.0,
        "quantity": null,
        "price_per_unit": null,
        "unit_type": null,
        "is_app_price": false,
        "valid_from": "2025-11-02",
        "valid_to": "2025-11-07",
        "scraped_at": "2025-11-02T15:02:26.107161"
      },
      {
        "original_name": "Premieur varmrøget laks",
        "normalized_name": "Premieur varmrøget laks",
        "category": "Seafood",
        "price": 59.0,
        "quantity": null,
        "price_per_unit": null,
        "unit_type": null,
        "is_app_price": false,
        "valid_from": "2025-11-02",
        "valid_to": "2025-11-07",
        "scraped_at": "2025-11-02T15:02:26.107165"
      },
      {
        "original_name": "Schulstad Det Gode brød",
        "normalized_name": "Schulstad Det Gode brød",
        "category": "Bread & Bakery",
        "price": 12.0,
        "quantity": null,
        "price_per_unit": null,
        "unit_type": null,
        "is_app_price": false,
        "valid_from": "2025-11-02",
        "valid_to": "2025-11-07",
        "scraped_at": "2025-11-02T15:02:26.107170"
      },
      {
        "original_name": "Schulstad Signaturbrød Gillelejehavn",
        "normalized_name": "Schulstad Signaturbrød Gillelejehavn",
        "category": "Bread & Bakery",
        "price": 20.0,
        "quantity": null,
        "price_per_unit": null,
        "unit_type": null,
        "is_app_price": false,
        "valid_from": "2025-11-02",
        "valid_to": "2025-11-07",
        "scraped_at": "2025-11-02T15:02:26.107175"
      },
      {
        "original_name": "Premieur fuldkornspitabrød",
        "normalized_name": "Premieur fuldkornspitabrød",
        "category": "Bread & Bakery",
        "price": 22.0,
        "quantity": null,
        "price_per_unit": null,
        "unit_type": null,
        "is_app_price": false,
        "valid_from": "2025-11-02",
        "valid_to": "2025-11-07",
        "scraped_at": "2025-11-02T15:02:26.107180"
      },
      {
        "original_name": "Kohberg fuldkorn burgerboller",
        "normalized_name": "Kohberg fuldkorn burgerboller",
        "category": "Bread & Bakery",
        "price": 20.0,
        "quantity": null,
        "price_per_unit": null,
        "unit_type": null,
        "is_app_price": false,
        "valid_from": "2025-11-02",
        "valid_to": "2025-11-07",
        "scraped_at": "2025-11-02T15:02:26.107185"
      },
      {
        "original_name": "Valsemøllen brødblandinger",
        "normalized_name": "Valsemøllen brødblandinger",
        "category": "Bread & Bakery",
        "price": 15.0,
        "quantity": null,
        "price_per_unit": null,
        "unit_type": null,
        "is_app_price": false,
        "valid_from": "2025-11-02",
        "valid_to": "2025-11-07",
        "scraped_at": "2025-11-02T15:02:26.107189"
      },
      {
        "original_name": "Buko flødeost",
        "normalized_name": "Buko flødeost",
        "category": "Dairy & Eggs",
        "price": 10.0,
        "quantity": null,
        "price_per_unit": null,
        "unit_type": null,
        "is_app_price": false,
        "valid_from": "2025-11-02",
        "valid_to": "2025-11-07",
        "scraped_at": "2025-11-02T15:02:26.107195"
      },
      {
        "original_name": "Egelykke danske skrabeæg",
        "normalized_name": "Egelykke danske skrabeæg",
        "category": "Dairy & Eggs",
        "price": 14.0,
        "quantity": null,
        "price_per_unit": null,
        "unit_type": null,
        "is_app_price": false,
        "valid_from": "2025-11-02",
        "valid_to": "2025-11-07",
        "scraped_at": "2025-11-02T15:02:26.107200"
      },
      {
        "original_name": "Arla Lactofree økologisk mælk",
        "normalized_name": "Arla Lactofree økologisk mælk",
        "category": "Dairy & Eggs",
        "price": 12.0,
        "quantity": null,
        "price_per_unit": null,
        "unit_type": null,
        "is_app_price": false,
        "valid_from": "2025-11-02",
        "valid_to": "2025-11-07",
        "scraped_at": "2025-11-02T15:02:26.107204"
      },
      {
        "original_name": "Løgismose økologisk skyr",
        "normalized_name": "Løgismose økologisk skyr",
        "category": "Dairy & Eggs",
        "price": 20.0,
        "quantity": null,
        "price_per_unit": null,
        "unit_type": null,
        "is_app_price": false,
        "valid_from": "2025-11-02",
        "valid_to": "2025-11-07",
        "scraped_at": "2025-11-02T15:02:26.107209"
      },
      {
        "original_name": "Arla ØKO økologisk smør eller Kærgården økologisk smørbar",
        "normalized_name": "Arla ØKO økologisk smør eller Kærgården økologisk smørbar",
        "category": "Dairy & Eggs",
        "price": 20.0,
        "quantity": null,
        "price_per_unit": null,
        "unit_type": null,
        "is_app_price": false,
        "valid_from": "2025-11-02",
        "valid_to": "2025-11-07",
        "scraped_at": "2025-11-02T15:02:26.107216"
      },
      {
        "original_name": "Cheese Makers Treasures skiveost eller skæreost",
        "normalized_name": "Cheese Makers Treasures skiveost eller skæreost",
        "category": "Dairy & Eggs",
        "price": 20.0,
        "quantity": null,
        "price_per_unit": null,
        "unit_type": null,
        "is_app_price": false,
        "valid_from": "2025-11-02",
        "valid_to": "2025-11-07",
        "scraped_at": "2025-11-02T15:02:26.107222"
      },
      {
        "original_name": "Karolines Køkken revet mozzarella",
        "normalized_name": "Karolines Køkken revet mozzarella",
        "category": "Dairy & Eggs",
        "price": 16.0,
        "quantity": null,
        "price_per_unit": null,
        "unit_type": null,
        "is_app_price": false,
        "valid_from": "2025-11-02",
        "valid_to": "2025-11-07",
        "scraped_at": "2025-11-02T15:02:26.107229"
      },
      {
        "original_name": "Castello flødeost",
        "normalized_name": "Castello flødeost",
        "category": "Dairy & Eggs",
        "price": 18.0,
        "quantity": null,
        "price_per_unit": null,
        "unit_type": null,
        "is_app_price": false,
        "valid_from": "2025-11-02",
        "valid_to": "2025-11-07",
        "scraped_at": "2025-11-02T15:02:26.107232"
      },
      {
        "original_name": "Klovborg skæreost",
        "normalized_name": "Klovborg skæreost",
        "category": "Dairy & Eggs",
        "price": 70.0,
        "quantity": null,
        "price_per_unit": null,
        "unit_type": null,
        "is_app_price": false,
        "valid_from": "2025-11-02",
        "valid_to": "2025-11-07",
        "scraped_at": "2025-11-02T15:02:26.107236"
      },
      {
        "original_name": "Cheasy skiveost",
        "normalized_name": "Cheasy skiveost",
        "category": "Dairy & Eggs",
        "price": 24.0,
        "quantity": null,
        "price_per_unit": null,
        "unit_type": null,
        "is_app_price": false,
        "valid_from": "2025-11-02",
        "valid_to": "2025-11-07",
        "scraped_at": "2025-11-02T15:02:26.107240"
      },
      {
        "original_name": "Cheasy yoghurt",
        "normalized_name": "Cheasy yoghurt",
        "category": "Dairy & Eggs",
        "price": 14.0,
        "quantity": null,
        "price_per_unit": null,
        "unit_type": null,
        "is_app_price": true,
        "valid_from": "2025-11-02",
        "valid_to": "2025-11-07",
        "scraped_at": "2025-11-02T15:02:26.107244"
      },
      {
        "original_name": "Egelykke piskefløde",
        "normalized_name": "Egelykke piskefløde",
        "category": "Dairy & Eggs",
        "price": 26.0,
        "quantity": null,
        "price_per_unit": null,
        "unit_type": null,
        "is_app_price": false,
        "valid_from": "2025-11-02",
        "valid_to": "2025-11-07",
        "scraped_at": "2025-11-02T15:02:26.107248"
      },
      {
        "original_name": "Lykkeliga danske lamme fjordskartofler",
        "normalized_name": "Lykkeliga danske lamme fjordskartofler",
        "category": "Fruits & Vegetables",
        "price": 10.0,
        "quantity": null,
        "price_per_unit": null,
        "unit_type": null,
        "is_app_price": false,
        "valid_from": "2025-11-02",
        "valid_to": "2025-11-07",
        "scraped_at": "2025-11-02T15:02:26.107253"
      },
      {
        "original_name": "ØGO økologiske danske håndsorterede gulerødder",
        "normalized_name": "ØGO økologiske danske håndsorterede gulerødder",
        "category": "Fruits & Vegetables",
        "price": 12.0,
        "quantity": null,
        "price_per_unit": null,
        "unit_type": null,
        "is_app_price": false,
        "valid_from": "2025-11-02",
        "valid_to": "2025-11-07",
        "scraped_at": "2025-11-02T15:02:26.107260"
      },
      {
        "original_name": "ØGO økologiske stenfri grønne druer",
        "normalized_name": "ØGO økologiske stenfri grønne druer",
        "category": "Fruits & Vegetables",
        "price": 15.0,
        "quantity": null,
        "price_per_unit": null,
        "unit_type": null,
        "is_app_price": false,
        "valid_from": "2025-11-02",
        "valid_to": "2025-11-07",
        "scraped_at": "2025-11-02T15:02:26.107265"
      },
      {
        "original_name": "ØGO økologiske grøntsager eller wokblanding",
        "normalized_name": "ØGO økologiske grøntsager eller wokblanding",
        "category": "Fruits & Vegetables",
        "price": 13.0,
        "quantity": null,
        "price_per_unit": null,
        "unit_type": null,
        "is_app_price": false,
        "valid_from": "2025-11-02",
        "valid_to": "2025-11-07",
        "scraped_at": "2025-11-02T15:02:26.107271"
      },
      {
        "original_name": "Dansk spidskål",
        "normalized_name": "Dansk spidskål",
        "category": "Fruits & Vegetables",
        "price": 10.0,
        "quantity": null,
        "price_per_unit": null,
        "unit_type": null,
        "is_app_price": false,
        "valid_from": "2025-11-02",
        "valid_to": "2025-11-07",
        "scraped_at": "2025-11-02T15:02:26.107275"
      },
      {
        "original_name": "Formodnede avocadoer",
        "normalized_name": "Formodnede avocadoer",
        "category": "Fruits & Vegetables",
        "price": 22.0,
        "quantity": null,
        "price_per_unit": null,
        "unit_type": null,
        "is_app_price": true,
        "valid_from": "2025-11-02",
        "valid_to": "2025-11-07",
        "scraped_at": "2025-11-02T15:02:26.107279"
      },
      {
        "original_name": "ØGO økologiske danske æbler",
        "normalized_name": "ØGO økologiske danske æbler",
        "category": "Fruits & Vegetables",
        "price": 20.0,
        "quantity": null,
        "price_per_unit": null,
        "unit_type": null,
        "is_app_price": false,
        "valid_from": "2025-11-02",
        "valid_to": "2025-11-07",
        "scraped_at": "2025-11-02T15:02:26.107284"
      },
      {
        "original_name": "Medjool dadler",
        "normalized_name": "Medjool dadler",
        "category": "Fruits & Vegetables",
        "price": 49.0,
        "quantity": null,
        "price_per_unit": null,
        "unit_type": null,
        "is_app_price": false,
        "valid_from": "2025-11-02",
        "valid_to": "2025-11-07",
        "scraped_at": "2025-11-02T15:02:26.107287"
      },
      {
        "original_name": "Kaki",
        "normalized_name": "Kaki",
        "category": "Fruits & Vegetables",
        "price": 20.0,
        "quantity": null,
        "price_per_unit": null,
        "unit_type": null,
        "is_app_price": false,
        "valid_from": "2025-11-02",
        "valid_to": "2025-11-07",
        "scraped_at": "2025-11-02T15:02:26.107290"
      },
      {
        "original_name": "Harvest Best kartofler på glas",
        "normalized_name": "Harvest Best kartofler på glas",
        "category": "Fruits & Vegetables",
        "price": 7.0,
        "quantity": null,
        "price_per_unit": null,
        "unit_type": null,
        "is_app_price": false,
        "valid_from": "2025-11-02",
        "valid_to": "2025-11-07",
        "scraped_at": "2025-11-02T15:02:26.107295"
      },
      {
        "original_name": "Dansk rødkål",
        "normalized_name": "Dansk rødkål",
        "category": "Fruits & Vegetables",
        "price": 10.0,
        "quantity": null,
        "price_per_unit": null,
        "unit_type": null,
        "is_app_price": false,
        "valid_from": "2025-11-02",
        "valid_to": "2025-11-07",
        "scraped_at": "2025-11-02T15:02:26.107299"
      },
      {
        "original_name": "Beauvais Herregårdsrødkål",
        "normalized_name": "Beauvais Herregårdsrødkål",
        "category": "Fruits & Vegetables",
        "price": 12.0,
        "quantity": null,
        "price_per_unit": null,
        "unit_type": null,
        "is_app_price": false,
        "valid_from": "2025-11-02",
        "valid_to": "2025-11-07",
        "scraped_at": "2025-11-02T15:02:26.107303"
      },
      {
        "original_name": "Peka kartofler",
        "normalized_name": "Peka kartofler",
        "category": "Fruits & Vegetables",
        "price": 10.0,
        "quantity": null,
        "price_per_unit": null,
        "unit_type": null,
        "is_app_price": false,
        "valid_from": "2025-11-02",
        "valid_to": "2025-11-07",
        "scraped_at": "2025-11-02T15:02:26.107307"
      },
      {
        "original_name": "La Campagna fettuccine",
        "normalized_name": "La Campagna fettuccine",
        "category": "Pasta & International",
        "price": 5.0,
        "quantity": null,
        "price_per_unit": null,
        "unit_type": null,
        "is_app_price": false,
        "valid_from": "2025-11-02",
        "valid_to": "2025-11-07",
        "scraped_at": "2025-11-02T15:02:26.107312"
      },
      {
        "original_name": "La Campagna klassisk hummus",
        "normalized_name": "La Campagna klassisk hummus",
        "category": "Pasta & International",
        "price": 10.0,
        "quantity": null,
        "price_per_unit": null,
        "unit_type": null,
        "is_app_price": false,
        "valid_from": "2025-11-02",
        "valid_to": "2025-11-07",
        "scraped_at": "2025-11-02T15:02:26.107316"
      },
      {
        "original_name": "ØGO økologisk fusilli pasta",
        "normalized_name": "ØGO økologisk fusilli pasta",
        "category": "Pasta & International",
        "price": 10.0,
        "quantity": null,
        "price_per_unit": null,
        "unit_type": null,
        "is_app_price": false,
        "valid_from": "2025-11-02",
        "valid_to": "2025-11-07",
        "scraped_at": "2025-11-02T15:02:26.107321"
      },
      {
        "original_name": "Andoni italiensk pizza",
        "normalized_name": "Andoni italiensk pizza",
        "category": "Pasta & International",
        "price": 20.0,
        "quantity": null,
        "price_per_unit": null,
        "unit_type": null,
        "is_app_price": false,
        "valid_from": "2025-11-02",
        "valid_to": "2025-11-07",
        "scraped_at": "2025-11-02T15:02:26.107325"
      },
      {
        "original_name": "Nongshim instant nudler",
        "normalized_name": "Nongshim instant nudler",
        "category": "Pasta & International",
        "price": 15.0,
        "quantity": null,
        "price_per_unit": null,
        "unit_type": null,
        "is_app_price": false,
        "valid_from": "2025-11-02",
        "valid_to": "2025-11-07",
        "scraped_at": "2025-11-02T15:02:26.107329"
      },
      {
        "original_name": "Paradiso asparges",
        "normalized_name": "Paradiso asparges",
        "category": "Pasta & International",
        "price": 12.0,
        "quantity": null,
        "price_per_unit": null,
        "unit_type": null,
        "is_app_price": false,
        "valid_from": "2025-11-02",
        "valid_to": "2025-11-07",
        "scraped_at": "2025-11-02T15:02:26.107333"
      },
      {
        "original_name": "SPIR glutenfri rød linsepasta",
        "normalized_name": "SPIR glutenfri rød linsepasta",
        "category": "Pasta & International",
        "price": 12.0,
        "quantity": null,
        "price_per_unit": null,
        "unit_type": null,
        "is_app_price": false,
        "valid_from": "2025-11-02",
        "valid_to": "2025-11-07",
        "scraped_at": "2025-11-02T15:02:26.107338"
      },
      {
        "original_name": "Premieur udenlandske specialiteter",
        "normalized_name": "Premieur udenlandske specialiteter",
        "category": "Pasta & International",
        "price": 25.0,
        "quantity": null,
        "price_per_unit": null,
        "unit_type": null,
        "is_app_price": true,
        "valid_from": "2025-11-02",
        "valid_to": "2025-11-07",
        "scraped_at": "2025-11-02T15:02:26.107343"
      },
      {
        "original_name": "Maison Georges suppe",
        "normalized_name": "Maison Georges suppe",
        "category": "Pasta & International",
        "price": 20.0,
        "quantity": null,
        "price_per_unit": null,
        "unit_type": null,
        "is_app_price": false,
        "valid_from": "2025-11-02",
        "valid_to": "2025-11-07",
        "scraped_at": "2025-11-02T15:02:26.107347"
      },
      {
        "original_name": "Graasten mayonnaise i tube",
        "normalized_name": "Graasten mayonnaise i tube",
        "category": "Pantry & Condiments",
        "price": 12.0,
        "quantity": null,
        "price_per_unit": null,
        "unit_type": null,
        "is_app_price": false,
        "valid_from": "2025-11-02",
        "valid_to": "2025-11-07",
        "scraped_at": "2025-11-02T15:02:26.107352"
      },
      {
        "original_name": "Chestfords karry/mango dressing",
        "normalized_name": "Chestfords karry/mango dressing",
        "category": "Pantry & Condiments",
        "price": 12.0,
        "quantity": null,
        "price_per_unit": null,
        "unit_type": null,
        "is_app_price": false,
        "valid_from": "2025-11-02",
        "valid_to": "2025-11-07",
        "scraped_at": "2025-11-02T15:02:26.107356"
      },
      {
        "original_name": "ØGO økologiske hakkede tomater",
        "normalized_name": "ØGO økologiske hakkede tomater",
        "category": "Pantry & Condiments",
        "price": 5.0,
        "quantity": null,
        "price_per_unit": null,
        "unit_type": null,
        "is_app_price": false,
        "valid_from": "2025-11-02",
        "valid_to": "2025-11-07",
        "scraped_at": "2025-11-02T15:02:26.107361"
      },
      {
        "original_name": "ØGO økologiske bønner eller kikærter",
        "normalized_name": "ØGO økologiske bønner eller kikærter",
        "category": "Pantry & Condiments",
        "price": 5.0,
        "quantity": null,
        "price_per_unit": null,
        "unit_type": null,
        "is_app_price": false,
        "valid_from": "2025-11-02",
        "valid_to": "2025-11-07",
        "scraped_at": "2025-11-02T15:02:26.107367"
      },
      {
        "original_name": "ØGO økologiske havregryn",
        "normalized_name": "ØGO økologiske havregryn",
        "category": "Pantry & Condiments",
        "price": 11.0,
        "quantity": null,
        "price_per_unit": null,
        "unit_type": null,
        "is_app_price": false,
        "valid_from": "2025-11-02",
        "valid_to": "2025-11-07",
        "scraped_at": "2025-11-02T15:02:26.107371"
      },
      {
        "original_name": "ØGO økologisk ekstra jomfru olivenolie",
        "normalized_name": "ØGO økologisk ekstra jomfru olivenolie",
        "category": "Pantry & Condiments",
        "price": 49.0,
        "quantity": null,
        "price_per_unit": null,
        "unit_type": null,
        "is_app_price": false,
        "valid_from": "2025-11-02",
        "valid_to": "2025-11-07",
        "scraped_at": "2025-11-02T15:02:26.107378"
      },
      {
        "original_name": "ØGO økologisk pizzadej",
        "normalized_name": "ØGO økologisk pizzadej",
        "category": "Pantry & Condiments",
        "price": 9.75,
        "quantity": null,
        "price_per_unit": null,
        "unit_type": null,
        "is_app_price": false,
        "valid_from": "2025-11-02",
        "valid_to": "2025-11-07",
        "scraped_at": "2025-11-02T15:02:26.107383"
      },
      {
        "original_name": "ØGO økologisk grødris",
        "normalized_name": "ØGO økologisk grødris",
        "category": "Pantry & Condiments",
        "price": 15.36,
        "quantity": null,
        "price_per_unit": null,
        "unit_type": null,
        "is_app_price": false,
        "valid_from": "2025-11-02",
        "valid_to": "2025-11-07",
        "scraped_at": "2025-11-02T15:02:26.107387"
      },
      {
        "original_name": "Samsø økologiske survarer",
        "normalized_name": "Samsø økologiske survarer",
        "category": "Pantry & Condiments",
        "price": 16.0,
        "quantity": null,
        "price_per_unit": null,
        "unit_type": null,
        "is_app_price": false,
        "valid_from": "2025-11-02",
        "valid_to": "2025-11-07",
        "scraped_at": "2025-11-02T15:02:26.107392"
      },
      {
        "original_name": "Sunsweet svesker",
        "normalized_name": "Sunsweet svesker",
        "category": "Pantry & Condiments",
        "price": 39.0,
        "quantity": null,
        "price_per_unit": null,
        "unit_type": null,
        "is_app_price": false,
        "valid_from": "2025-11-02",
        "valid_to": "2025-11-07",
        "scraped_at": "2025-11-02T15:02:26.107396"
      },
      {
        "original_name": "Mamone frø eller kerner",
        "normalized_name": "Mamone frø eller kerner",
        "category": "Pantry & Condiments",
        "price": 11.0,
        "quantity": null,
        "price_per_unit": null,
        "unit_type": null,
        "is_app_price": true,
        "valid_from": "2025-11-02",
        "valid_to": "2025-11-07",
        "scraped_at": "2025-11-02T15:02:26.107400"
      },
      {
        "original_name": "Jensens sauce",
        "normalized_name": "Jensens sauce",
        "category": "Pantry & Condiments",
        "price": 12.0,
        "quantity": null,
        "price_per_unit": null,
        "unit_type": null,
        "is_app_price": false,
        "valid_from": "2025-11-02",
        "valid_to": "2025-11-07",
        "scraped_at": "2025-11-02T15:02:26.107404"
      },
      {
        "original_name": "Naturli' økologisk smørbar eller smørbar blok",
        "normalized_name": "Naturli' økologisk smørbar eller smørbar blok",
        "category": "Spreads & Butter",
        "price": 10.0,
        "quantity": null,
        "price_per_unit": null,
        "unit_type": null,
        "is_app_price": false,
        "valid_from": "2025-11-02",
        "valid_to": "2025-11-07",
        "scraped_at": "2025-11-02T15:02:26.107410"
      },
      {
        "original_name": "Naturli' smørbar",
        "normalized_name": "Naturli' smørbar",
        "category": "Spreads & Butter",
        "price": 9.47,
        "quantity": null,
        "price_per_unit": null,
        "unit_type": null,
        "is_app_price": false,
        "valid_from": "2025-11-02",
        "valid_to": "2025-11-07",
        "scraped_at": "2025-11-02T15:02:26.107414"
      },
      {
        "original_name": "SPIR økologisk spread",
        "normalized_name": "SPIR økologisk spread",
        "category": "Spreads & Butter",
        "price": 15.0,
        "quantity": null,
        "price_per_unit": null,
        "unit_type": null,
        "is_app_price": false,
        "valid_from": "2025-11-02",
        "valid_to": "2025-11-07",
        "scraped_at": "2025-11-02T15:02:26.107437"
      },
      {
        "original_name": "Galle & Jessen pålægschokolade",
        "normalized_name": "Galle & Jessen pålægschokolade",
        "category": "Sweets & Snacks",
        "price": 29.0,
        "quantity": null,
        "price_per_unit": null,
        "unit_type": null,
        "is_app_price": false,
        "valid_from": "2025-11-02",
        "valid_to": "2025-11-07",
        "scraped_at": "2025-11-02T15:02:26.107452"
      },
      {
        "original_name": "Haribo slikpose",
        "normalized_name": "Haribo slikpose",
        "category": "Sweets & Snacks",
        "price": 10.0,
        "quantity": null,
        "price_per_unit": null,
        "unit_type": null,
        "is_app_price": false,
        "valid_from": "2025-11-02",
        "valid_to": "2025-11-07",
        "scraped_at": "2025-11-02T15:02:26.107458"
      },
      {
        "original_name": "Fazer mint eller dumle bar",
        "normalized_name": "Fazer mint eller dumle bar",
        "category": "Sweets & Snacks",
        "price": 8.0,
        "quantity": null,
        "price_per_unit": null,
        "unit_type": null,
        "is_app_price": false,
        "valid_from": "2025-11-02",
        "valid_to": "2025-11-07",
        "scraped_at": "2025-11-02T15:02:26.107464"
      },
      {
        "original_name": "Karen Volf glutenfri eller økologiske brunkager eller pebernødder",
        "normalized_name": "Karen Volf glutenfri eller økologiske brunkager eller pebernødder",
        "category": "Sweets & Snacks",
        "price": 20.0,
        "quantity": null,
        "price_per_unit": null,
        "unit_type": null,
        "is_app_price": false,
        "valid_from": "2025-11-02",
        "valid_to": "2025-11-07",
        "scraped_at": "2025-11-02T15:02:26.107473"
      },
      {
        "original_name": "Løgismose økologiske julekager",
        "normalized_name": "Løgismose økologiske julekager",
        "category": "Sweets & Snacks",
        "price": 29.0,
        "quantity": null,
        "price_per_unit": null,
        "unit_type": null,
        "is_app_price": false,
        "valid_from": "2025-11-02",
        "valid_to": "2025-11-07",
        "scraped_at": "2025-11-02T15:02:26.107477"
      },
      {
        "original_name": "Pringles chips",
        "normalized_name": "Pringles chips",
        "category": "Sweets & Snacks",
        "price": 15.0,
        "quantity": null,
        "price_per_unit": null,
        "unit_type": null,
        "is_app_price": false,
        "valid_from": "2025-11-02",
        "valid_to": "2025-11-07",
        "scraped_at": "2025-11-02T15:02:26.107481"
      },
      {
        "original_name": "KiMs Meny chips eller franske kartofler",
        "normalized_name": "KiMs Meny chips eller franske kartofler",
        "category": "Sweets & Snacks",
        "price": 11.0,
        "quantity": null,
        "price_per_unit": null,
        "unit_type": null,
        "is_app_price": false,
        "valid_from": "2025-11-02",
        "valid_to": "2025-11-07",
        "scraped_at": "2025-11-02T15:02:26.107486"
      },
      {
        "original_name": "LU Tuc original saltkiks 2-pak",
        "normalized_name": "LU Tuc original saltkiks 2-pak",
        "category": "Sweets & Snacks",
        "price": 9.62,
        "quantity": null,
        "price_per_unit": null,
        "unit_type": null,
        "is_app_price": false,
        "valid_from": "2025-11-02",
        "valid_to": "2025-11-07",
        "scraped_at": "2025-11-02T15:02:26.107491"
      },
      {
        "original_name": "Galbusera knækbrød eller kiks",
        "normalized_name": "Galbusera knækbrød eller kiks",
        "category": "Sweets & Snacks",
        "price": 20.0,
        "quantity": null,
        "price_per_unit": null,
        "unit_type": null,
        "is_app_price": false,
        "valid_from": "2025-11-02",
        "valid_to": "2025-11-07",
        "scraped_at": "2025-11-02T15:02:26.107496"
      },
      {
        "original_name": "Sigdal glutenfri knækbrød",
        "normalized_name": "Sigdal glutenfri knækbrød",
        "category": "Sweets & Snacks",
        "price": 25.0,
        "quantity": null,
        "price_per_unit": null,
        "unit_type": null,
        "is_app_price": false,
        "valid_from": "2025-11-02",
        "valid_to": "2025-11-07",
        "scraped_at": "2025-11-02T15:02:26.107500"
      },
      {
        "original_name": "Barebells bar",
        "normalized_name": "Barebells bar",
        "category": "Sweets & Snacks",
        "price": 17.0,
        "quantity": null,
        "price_per_unit": null,
        "unit_type": null,
        "is_app_price": false,
        "valid_from": "2025-11-02",
        "valid_to": "2025-11-07",
        "scraped_at": "2025-11-02T15:02:26.107503"
      },
      {
        "original_name": "Karat, Peter Larsen Kaffe eller Merrild formalet kaffe",
        "normalized_name": "Karat, Peter Larsen Kaffe eller Merrild formalet kaffe",
        "category": "Coffee & Tea",
        "price": 45.0,
        "quantity": null,
        "price_per_unit": null,
        "unit_type": null,
        "is_app_price": false,
        "valid_from": "2025-11-02",
        "valid_to": "2025-11-07",
        "scraped_at": "2025-11-02T15:02:26.107510"
      },
      {
        "original_name": "ØGO økologiske hele kaffebønner",
        "normalized_name": "ØGO økologiske hele kaffebønner",
        "category": "Coffee & Tea",
        "price": 49.0,
        "quantity": null,
        "price_per_unit": null,
        "unit_type": null,
        "is_app_price": false,
        "valid_from": "2025-11-02",
        "valid_to": "2025-11-07",
        "scraped_at": "2025-11-02T15:02:26.107514"
      },
      {
        "original_name": "Pickwick tebreve",
        "normalized_name": "Pickwick tebreve",
        "category": "Coffee & Tea",
        "price": 12.0,
        "quantity": null,
        "price_per_unit": null,
        "unit_type": null,
        "is_app_price": false,
        "valid_from": "2025-11-02",
        "valid_to": "2025-11-07",
        "scraped_at": "2025-11-02T15:02:26.107518"
      },
      {
        "original_name": "Faxe Kondi eller Pepsi Max sodavand",
        "normalized_name": "Faxe Kondi eller Pepsi Max sodavand",
        "category": "Beverages",
        "price": 10.0,
        "quantity": null,
        "price_per_unit": null,
        "unit_type": null,
        "is_app_price": false,
        "valid_from": "2025-11-02",
        "valid_to": "2025-11-07",
        "scraped_at": "2025-11-02T15:02:26.107523"
      },
      {
        "original_name": "Blue Keld",
        "normalized_name": "Blue Keld",
        "category": "Beverages",
        "price": 5.0,
        "quantity": null,
        "price_per_unit": null,
        "unit_type": null,
        "is_app_price": false,
        "valid_from": "2025-11-02",
        "valid_to": "2025-11-07",
        "scraped_at": "2025-11-02T15:02:26.107526"
      },
      {
        "original_name": "Monster Energy",
        "normalized_name": "Monster Energy",
        "category": "Beverages",
        "price": 14.0,
        "quantity": null,
        "price_per_unit": null,
        "unit_type": null,
        "is_app_price": false,
        "valid_from": "2025-11-02",
        "valid_to": "2025-11-07",
        "scraped_at": "2025-11-02T15:02:26.107529"
      },
      {
        "original_name": "Monster Energy eller Coca-Cola sodavand",
        "normalized_name": "Monster Energy eller Coca-Cola sodavand",
        "category": "Beverages",
        "price": 72.0,
        "quantity": null,
        "price_per_unit": null,
        "unit_type": null,
        "is_app_price": false,
        "valid_from": "2025-11-02",
        "valid_to": "2025-11-07",
        "scraped_at": "2025-11-02T15:02:26.107533"
      },
      {
        "original_name": "Innocent juice eller smoothie",
        "normalized_name": "Innocent juice eller smoothie",
        "category": "Beverages",
        "price": 24.0,
        "quantity": null,
        "price_per_unit": null,
        "unit_type": null,
        "is_app_price": false,
        "valid_from": "2025-11-02",
        "valid_to": "2025-11-07",
        "scraped_at": "2025-11-02T15:02:26.107537"
      },
      {
        "original_name": "Semper smoothie",
        "normalized_name": "Semper smoothie",
        "category": "Beverages",
        "price": 5.0,
        "quantity": null,
        "price_per_unit": null,
        "unit_type": null,
        "is_app_price": false,
        "valid_from": "2025-11-02",
        "valid_to": "2025-11-07",
        "scraped_at": "2025-11-02T15:02:26.107541"
      },
      {
        "original_name": "Jensens æbleskiver med kakaocreme",
        "normalized_name": "Jensens æbleskiver med kakaocreme",
        "category": "Frozen Foods",
        "price": 25.0,
        "quantity": null,
        "price_per_unit": null,
        "unit_type": null,
        "is_app_price": false,
        "valid_from": "2025-11-02",
        "valid_to": "2025-11-07",
        "scraped_at": "2025-11-02T15:02:26.107546"
      },
      {
        "original_name": "Gelato isbæger",
        "normalized_name": "Gelato isbæger",
        "category": "Frozen Foods",
        "price": 30.0,
        "quantity": null,
        "price_per_unit": null,
        "unit_type": null,
        "is_app_price": false,
        "valid_from": "2025-11-02",
        "valid_to": "2025-11-07",
        "scraped_at": "2025-11-02T15:02:26.107549"
      },
      {
        "original_name": "Perfect Season økologisk crispy falafel",
        "normalized_name": "Perfect Season økologisk crispy falafel",
        "category": "Frozen Foods",
        "price": 25.0,
        "quantity": null,
        "price_per_unit": null,
        "unit_type": null,
        "is_app_price": false,
        "valid_from": "2025-11-02",
        "valid_to": "2025-11-07",
        "scraped_at": "2025-11-02T15:02:26.107554"
      },
      {
        "original_name": "Naturli' sandwich",
        "normalized_name": "Naturli' sandwich",
        "category": "Plant-Based",
        "price": 18.0,
        "quantity": null,
        "price_per_unit": null,
        "unit_type": null,
        "is_app_price": false,
        "valid_from": "2025-11-02",
        "valid_to": "2025-11-07",
        "scraped_at": "2025-11-02T15:02:26.107558"
      },
      {
        "original_name": "Naturli' middagskomponenter eller pizza",
        "normalized_name": "Naturli' middagskomponenter eller pizza",
        "category": "Plant-Based",
        "price": 29.0,
        "quantity": null,
        "price_per_unit": null,
        "unit_type": null,
        "is_app_price": false,
        "valid_from": "2025-11-02",
        "valid_to": "2025-11-07",
        "scraped_at": "2025-11-02T15:02:26.107562"
      },
      {
        "original_name": "Naturli økologisk a'la bresaola eller grillet trylle'kylle",
        "normalized_name": "Naturli økologisk a'la bresaola eller grillet trylle'kylle",
        "category": "Plant-Based",
        "price": 12.0,
        "quantity": null,
        "price_per_unit": null,
        "unit_type": null,
        "is_app_price": false,
        "valid_from": "2025-11-02",
        "valid_to": "2025-11-07",
        "scraped_at": "2025-11-02T15:02:26.107572"
      },
      {
        "original_name": "Premieur confit de canard",
        "normalized_name": "Premieur confit de canard",
        "category": "Special Offers",
        "price": 99.0,
        "quantity": null,
        "price_per_unit": null,
        "unit_type": null,
        "is_app_price": false,
        "valid_from": "2025-11-02",
        "valid_to": "2025-11-07",
        "scraped_at": "2025-11-02T15:02:26.107576"
      }
    ]
  }
]